@article{BRITTON201024,
title = "Stochastic epidemic models: A survey",
journal = "Mathematical Biosciences",
volume = "225",
number = "1",
pages = "24 - 35",
year = "2010",
issn = "0025-5564",
doi = "https://doi.org/10.1016/j.mbs.2010.01.006",
url = "http://www.sciencedirect.com/science/article/pii/S0025556410000143",
author = "Tom Britton",
keywords = "Basic reproduction number, Critical vaccination coverage, Household epidemic, Multitype epidemic, Stochastic epidemic, Threshold theorem"
}