






@article{doi:10.1198/jasa.2011.ap10323,
author = {Anindya Bhadra and Edward L. Ionides and Karina Laneri and Mercedes Pascual and Menno Bouma and Ramesh C. Dhiman},
title = {Malaria in Northwest India: Data Analysis via Partially Observed Stochastic Differential Equation Models Driven by LÃ©vy Noise},
journal = {Journal of the American Statistical Association},
volume = {106},
number = {494},
pages = {440-451},
year  = {2011},
publisher = {Taylor & Francis},
doi = {10.1198/jasa.2011.ap10323},

URL = { 
        https://doi.org/10.1198/jasa.2011.ap10323
    
},
eprint = { 
        https://doi.org/10.1198/jasa.2011.ap10323
    
}

}


