%==Ref1
@Book{anderson1992,
  author = 	 {Anderson, R and May, R.},
  title = 	 {Infectious Diseases of Humans},
  publisher = 	 {Oxford:  Oxford University Press},
  year = 	 {1992},
}

%==Ref2
@article{banos2015,
  title={The Importance of Being Hybrid for Spatial Epidemic Models: A Multi-Scale Approach},
  author={Banos, Arnaud and Corson, Nathalie and Gaudou, Benoit and Laperri{\`e}re, Vincent and Coyrehourcq, S{\'e}bastien Rey},
  journal={Systems},
  volume={3},
  number={4},
  pages={309--329},
  year={2015},
  publisher={Multidisciplinary Digital Publishing Institute}
}

%==Ref3
@inproceedings{bobashev2007,
  title={A hybrid epidemic model: combining the advantages of agent-based and equation-based approaches},
  author={Bobashev, Georgiy V and Goedecke, D Michael and Yu, Feng and Epstein, Joshua M},
  booktitle={Proceedings of the 39th conference on Winter simulation: 40 years! The best is yet to come},
  pages={1532--1537},
  year={2007},
  organization={IEEE Press}
}


%==Ref4
@article{bonabeau2002agent,
  title={Agent-based modeling: Methods and techniques for simulating human systems},
  author={Bonabeau, Eric},
  journal={Proceedings of the National Academy of Sciences},
  volume={99},
  number={suppl 3},
  pages={7280--7287},
  year={2002},
  publisher={National Acad Sciences}
}

%==Ref5
@book{epstein2007agent,
  title={Agent-Based Computational Models and Generative Social Science [Generative Social Science Studies in Agent-Based Computational Modeling]},
  author={Epstein, Joshua M},
  year={2007},
  publisher={Princeton University Press}
}

%==Ref6
@article{eubank2010detail,
  title={Detail in network models of epidemiology: are we there yet?},
  author={Eubank, Stephen and Barrett, Christopher and Beckman, Richard and Bisset, Keith and Durbeck, Lisa and Kuhlman, Christopher and Lewis, Bryan and Marathe, Achla and Marathe, Madhav and Stretz, Paula},
  journal={Journal of biological dynamics},
  volume={4},
  number={5},
  pages={446--455},
  year={2010},
  publisher={Taylor \& Francis}
}


%==Ref7
@article{figueredo2014,
    author = {Figueredo, Grazziela P. AND Siebers, Peer-Olaf AND Owen, Markus R. AND Reps, Jenna AND Aickelin, Uwe},
    journal = {PLOS ONE},
    publisher = {Public Library of Science},
    title = {Comparing Stochastic Differential Equations and Agent-Based Modelling and Simulation for Early-Stage Cancer},
    year = {2014},
    month = {04},
    volume = {9},
    url = {https://doi.org/10.1371/journal.pone.0095150},
    pages = {1-18},
    number = {4},
    doi = {10.1371/journal.pone.0095150}
}

%==Ref8

@article{Kermack700,
	author = {Kermack, W. O. and McKendrick, A. G.},
	title = {A Contribution to the Mathematical Theory of Epidemics},
	volume = {115},
	number = {772},
	pages = {700--721},
	year = {1927},
	doi = {10.1098/rspa.1927.0118},
	publisher = {The Royal Society},
	issn = {0950-1207},
	URL = {http://rspa.royalsocietypublishing.org/content/115/772/700},
	eprint = {http://rspa.royalsocietypublishing.org/content/115/772/700.full.pdf},
	journal = {Proceedings of the Royal Society of London A: Mathematical, Physical and Engineering Sciences}
}
%==Ref9
@article{rahmandad2008,
author={Rahmandad,Hazhir and Sterman,John},
year={2008},
month={05},
title={Heterogeneity and Network Structure in the Dynamics of Diffusion: Comparing Agent-Based and Differential Equation Models},
journal={Management Science},
volume={54},
number={5},
pages={998-1014},
note={Institute for Operations Research and the Management Sciences May 2008; Document feature - Equations; Graphs; Tables; ; Last updated - 2016-04-02; CODEN - MNSCDI},
isbn={00251909},
language={English},
url={https://search.proquest.com/docview/213244761?accountid=9902},
}

%==Ref10


@article{swinerd2012,
title = "Design classes for hybrid simulations involving agent-based and system dynamics models ",
journal = "Simulation Modelling Practice and Theory ",
volume = "25",
number = "",
pages = "118 - 133",
year = "2012",
note = "",
issn = "1569-190X",
doi = "https://doi.org/10.1016/j.simpat.2011.09.002",
url = "http://www.sciencedirect.com/science/article/pii/S1569190X1100147X",
author = "Chris Swinerd and Ken R. McNaught",
keywords = "Simulation",
keywords = "System dynamics",
keywords = "Agent-based",
keywords = "Complex systems",
keywords = "Hybrid modelling ",
}

%==Ref11
@article{vincenot2011,
title = "Theoretical considerations on the combined use of System Dynamics and individual-based modeling in ecology ",
journal = "Ecological Modelling ",
volume = "222",
number = "1",
pages = "210 - 218",
year = "2011",
note = "",
issn = "0304-3800",
doi = "https://doi.org/10.1016/j.ecolmodel.2010.09.029",
url = "http://www.sciencedirect.com/science/article/pii/S0304380010005004",
author = "Christian Ernest Vincenot and Francesco Giannino and Max Rietkerk and Kazuyuki Moriya and Stefano Mazzoleni",
keywords = "Agent based",
keywords = "Hybrid model",
keywords = "Modeling scale",
keywords = "Complex system "
}
